%% This BibTeX bibliography file was created using BibDesk.
%% http://bibdesk.sourceforge.net/


%% Created for Mayur Mudigonda at 2014-05-20 20:03:37 -0700 


%% Saved with string encoding Unicode (UTF-8) 



@article{cadieu2012learning,
	Author = {Cadieu, Charles F and Olshausen, Bruno A},
	Date-Added = {2014-05-21 03:02:30 +0000},
	Date-Modified = {2014-05-21 03:02:30 +0000},
	Journal = {Neural computation},
	Number = {4},
	Pages = {827--866},
	Publisher = {MIT Press},
	Title = {Learning intermediate-level representations of form and motion from natural movies},
	Volume = {24},
	Year = {2012}}

@book{kandel2000principles,
	Author = {Kandel, Eric R and Schwartz, James H and Jessell, Thomas M and others},
	Date-Added = {2014-05-20 07:14:30 +0000},
	Date-Modified = {2014-05-20 07:14:30 +0000},
	Publisher = {McGraw-Hill New York},
	Title = {Principles of neural science},
	Volume = {4},
	Year = {2000}}

@article{liu1989limited,
	Author = {Liu, Dong C and Nocedal, Jorge},
	Date-Added = {2014-05-13 15:11:25 +0000},
	Date-Modified = {2014-05-13 15:11:25 +0000},
	Journal = {Mathematical programming},
	Number = {1-3},
	Pages = {503--528},
	Publisher = {Springer},
	Title = {On the limited memory BFGS method for large scale optimization},
	Volume = {45},
	Year = {1989}}

@article{o2001sensorimotor,
	Author = {O'Regan, J Kevin and No{\"e}, Alva},
	Date-Added = {2014-05-13 14:32:48 +0000},
	Date-Modified = {2014-05-13 14:32:48 +0000},
	Journal = {Behavioral and brain sciences},
	Number = {05},
	Pages = {939--973},
	Publisher = {Cambridge Univ Press},
	Title = {A sensorimotor account of vision and visual consciousness},
	Volume = {24},
	Year = {2001}}

@article{barlow1961possible,
	Author = {Barlow, Horace B},
	Date-Added = {2014-05-13 14:32:16 +0000},
	Date-Modified = {2014-05-13 14:32:16 +0000},
	Journal = {Sensory communication},
	Pages = {217--234},
	Title = {Possible principles underlying the transformation of sensory messages},
	Year = {1961}}

@inproceedings{krizhevsky2012imagenet,
	Author = {Krizhevsky, Alex and Sutskever, Ilya and Hinton, Geoffrey E},
	Booktitle = {NIPS},
	Date-Added = {2014-05-13 14:31:32 +0000},
	Date-Modified = {2014-05-13 14:31:32 +0000},
	Number = {2},
	Pages = {4},
	Title = {ImageNet Classification with Deep Convolutional Neural Networks.},
	Volume = {1},
	Year = {2012}}

@article{hubel1968receptive,
	Author = {Hubel, David H and Wiesel, Torsten N},
	Date-Added = {2014-05-13 14:30:57 +0000},
	Date-Modified = {2014-05-13 14:30:57 +0000},
	Journal = {The Journal of physiology},
	Number = {1},
	Pages = {215--243},
	Publisher = {Physiological Soc},
	Title = {Receptive fields and functional architecture of monkey striate cortex},
	Volume = {195},
	Year = {1968}}

@url{chicken-video,
	Author = {Smarter every day},
	Date-Added = {2013-12-16 04:20:38 +0000},
	Date-Modified = {2013-12-16 04:27:28 +0000},
	Title = {http://www.youtube.com/watch?v=_dPlkFPowCc},
	Urldate = {2009}}

@inproceedings{philipona2003perception,
	Author = {Philipona, David and O'regan, Jk and Nadal, J-P and Coenen, Olivier},
	Booktitle = {Advances in neural information processing systems},
	Date-Added = {2013-12-16 03:54:51 +0000},
	Date-Modified = {2013-12-16 03:54:51 +0000},
	Pages = {None},
	Title = {Perception of the structure of the physical world using unknown multimodal sensors and effectors},
	Year = {2003}}

@article{philipona2003there,
	Author = {Philipona, David and O'Regan, J Kevin and Nadal, J-P},
	Date-Added = {2013-12-16 03:54:50 +0000},
	Date-Modified = {2013-12-16 03:54:50 +0000},
	Journal = {Neural computation},
	Number = {9},
	Pages = {2029--2049},
	Publisher = {MIT Press},
	Title = {Is there something out there? Inferring space from sensorimotor dependencies},
	Volume = {15},
	Year = {2003}}
